@online{deepsolar,
    author = "Zhecheng Wang",
    title = "DeepSolar",
    url = "http://web.stanford.edu/group/deepsolar/"
}

@online{openweathermap,
    title = "OpenWeather",
    url = "https://openweathermap.org/"
}

@online{pvlib,
    title = "pvlib-python",
    url = "https://github.com/pvlib/pvlib-python"
}

@online{cwape,
    title = "CWaPE",
    url = "https://www.cwape.be/"
}

@online{elia_wind,
    title = "Données de production éolienne",
    url = "https://www.elia.be/fr/donnees-de-reseau/"
}