@article{bocquet,
    author = "Alexis Bocquet et al.",
    title = "Assessment of probabilistic PV production forecasts performance in an operational context.",
    year = "2016",
    journal = "6th Solar Integration Workshop - International Workshop on Integration of Solar Power into Power Systems."
}

@online{helioclim,
    title = "HelioClim-3 database",
    url = "http://www.soda-pro.com/web-services/radiation/helioclim-3-real-time-and-forecast",
    year = "2020"
}

@article{yu2018deepsolar,
  title={DeepSolar: A machine learning framework to efficiently construct a solar deployment database in the United States},
  author={Yu, Jiafan and Wang, Zhecheng and Majumdar, Arun and Rajagopal, Ram},
  journal={Joule},
  volume={2},
  number={12},
  pages={2605--2617},
  year={2018},
  publisher={Elsevier}
}

@inproceedings{szegedy2016rethinking,
  title={Rethinking the inception architecture for computer vision},
  author={Szegedy, Christian and Vanhoucke, Vincent and Ioffe, Sergey and Shlens, Jon and Wojna, Zbigniew},
  booktitle={Proceedings of the IEEE conference on computer vision and pattern recognition},
  pages={2818--2826},
  year={2016}
}

@inproceedings{deng2009imagenet,
  title={Imagenet: A large-scale hierarchical image database},
  author={Deng, Jia and Dong, Wei and Socher, Richard and Li, Li-Jia and Li, Kai and Fei-Fei, Li},
  booktitle={2009 IEEE conference on computer vision and pattern recognition},
  pages={248--255},
  year={2009},
  organization={Ieee}
}

@article{malof2016automatic,
  title={Automatic detection of solar photovoltaic arrays in high resolution aerial imagery},
  author={Malof, Jordan M and Bradbury, Kyle and Collins, Leslie M and Newell, Richard G},
  journal={Applied energy},
  volume={183},
  pages={229--240},
  year={2016},
  publisher={Elsevier}
}

@inproceedings{ronneberger2015u,
  title={U-net: Convolutional networks for biomedical image segmentation},
  author={Ronneberger, Olaf and Fischer, Philipp and Brox, Thomas},
  booktitle={International Conference on Medical image computing and computer-assisted intervention},
  pages={234--241},
  year={2015},
  organization={Springer}
}

@online{towardsdatascience,
    author = "Ekin Tiu",
    title = "Towards data science",
    url = "https://towardsdatascience.com/metrics-to-evaluate-your-semantic-segmentation-model-6bcb99639aa2",
    year = "2019"
}

@article{chang2014wind,
  title={A literature review of wind forecasting methods},
  author={Chang, Wen-Yeau and others},
  journal={Journal of Power and Energy Engineering},
  volume={2},
  number={04},
  pages={161},
  year={2014},
  publisher={Scientific Research Publishing}
}

@article{wang2011windpower,
  title={A review of wind power forecasting models},
  author={Wang, Xiaochen and Guo, Peng and Huang, Xiaobin},
  journal={Energy procedia},
  volume={12},
  pages={770--778},
  year={2011},
  publisher={Elsevier}
}

@article{croonenbroeck2014windpower,
  title={Accurate medium-term wind power forecasting in a censored classification framework},
  author={Croonenbroeck, Carsten and Dahl, Christian M{\o}ller},
  journal={Energy},
  volume={73},
  pages={221--232},
  year={2014},
  publisher={Elsevier}
}

@article{messner2020windpower,
  title={Evaluation of wind power forecastsâ€”An up-to-date view},
  author={Messner, Jakob W and Pinson, Pierre and Browell, Jethro and Bjerreg{\aa}rd, Mathias B and Schicker, Irene},
  journal={Wind Energy},
  year={2020},
  publisher={Wiley Online Library}
}

@article{el-fouly2008wind,
  title={One day ahead prediction of wind speed and direction},
  author={El-Fouly, Tarek HM and El-Saadany, Ehab F and Salama, Magdy MA},
  journal={IEEE transactions on energy conversion},
  volume={23},
  number={1},
  pages={191--201},
  year={2008},
  publisher={IEEE}
}

@article{meinshausen2006quantile,
  title={Quantile regression forests},
  author={Meinshausen, Nicolai},
  journal={Journal of Machine Learning Research},
  volume={7},
  number={Jun},
  pages={983--999},
  year={2006}
}

@article{sweeney2019future,
  title={The future of forecasting for renewable energy},
  author={Sweeney, Conor and Bessa, Ricardo J and Browell, Jethro and Pinson, Pierre},
  journal={Wiley Interdisciplinary Reviews: Energy and Environment},
  pages={e365},
  year={2019},
  publisher={Wiley Online Library}
}

@online{airdensity,
    author="Wikipedia",
    title = "Density of Air - Humid Air",
    url = "https://en.wikipedia.org/wiki/Density_of_air#Humid_air",
    year = "2020"
}

@article{el2008one,
  title={One day ahead prediction of wind speed and direction},
  author={El-Fouly, Tarek HM and El-Saadany, Ehab F and Salama, Magdy MA},
  journal={IEEE transactions on energy conversion},
  volume={23},
  number={1},
  pages={191--201},
  year={2008},
  publisher={IEEE}
}
