@article{maso2010opengis,
  title={OpenGIS web map tile service implementation standard},
  author={Mas{\'o}, Joan and Pomakis, Keith and Julia, Nuria},
  journal={Open Geospatial Consortium Inc},
  pages={04--06},
  year={2010}
}

@online{walonmap,
  title={GÃ©oportail de la Wallonie},
  author={SPW},
  url={https://geoportail.wallonie.be/walonmap},
  year={2018}
}

@inproceedings{dutta2019via,
  title={The VIA annotation software for images, audio and video},
  author={Dutta, Abhishek and Zisserman, Andrew},
  booktitle={Proceedings of the 27th ACM International Conference on Multimedia},
  pages={2276--2279},
  year={2019}
}

@article{bradbury2016distributed,
  title={Distributed solar photovoltaic array location and extent dataset for remote sensing object identification},
  author={Bradbury, Kyle and Saboo, Raghav and Johnson, Timothy L and Malof, Jordan M and Devarajan, Arjun and Zhang, Wuming and Collins, Leslie M and Newell, Richard G},
  journal={Scientific data},
  volume={3},
  number={1},
  pages={1--9},
  year={2016},
  publisher={Nature Publishing Group}
}