@article{chang2014wind,
  title={A literature review of wind forecasting methods},
  author={Chang, Wen-Yeau and others},
  journal={Journal of Power and Energy Engineering},
  volume={2},
  number={04},
  pages={161},
  year={2014},
  publisher={Scientific Research Publishing}
}

@article{wang2011windpower,
  title={A review of wind power forecasting models},
  author={Wang, Xiaochen and Guo, Peng and Huang, Xiaobin},
  journal={Energy procedia},
  volume={12},
  pages={770--778},
  year={2011},
  publisher={Elsevier}
}

@article{croonenbroeck2014windpower,
  title={Accurate medium-term wind power forecasting in a censored classification framework},
  author={Croonenbroeck, Carsten and Dahl, Christian M{\o}ller},
  journal={Energy},
  volume={73},
  pages={221--232},
  year={2014},
  publisher={Elsevier}
}

@article{messner2020windpower,
  title={Evaluation of wind power forecasts—An up-to-date view},
  author={Messner, Jakob W and Pinson, Pierre and Browell, Jethro and Bjerreg{\aa}rd, Mathias B and Schicker, Irene},
  journal={Wind Energy},
  year={2020},
  publisher={Wiley Online Library}
}

@article{el-fouly2008wind,
  title={One day ahead prediction of wind speed and direction},
  author={El-Fouly, Tarek HM and El-Saadany, Ehab F and Salama, Magdy MA},
  journal={IEEE transactions on energy conversion},
  volume={23},
  number={1},
  pages={191--201},
  year={2008},
  publisher={IEEE}
}

@article{meinshausen2006quantile,
  title={Quantile regression forests},
  author={Meinshausen, Nicolai},
  journal={Journal of Machine Learning Research},
  volume={7},
  number={Jun},
  pages={983--999},
  year={2006}
}

@article{sweeney2019future,
  title={The future of forecasting for renewable energy},
  author={Sweeney, Conor and Bessa, Ricardo J and Browell, Jethro and Pinson, Pierre},
  journal={Wiley Interdisciplinary Reviews: Energy and Environment},
  pages={e365},
  year={2019},
  publisher={Wiley Online Library}
}

@online{airdensity,
    author="Wikipedia",
    title = "Density of Air - Humid Air",
    url = "https://en.wikipedia.org/wiki/Density_of_air#Humid_air",
    year = "2020"
}

@article{el2008one,
  title={One day ahead prediction of wind speed and direction},
  author={El-Fouly, Tarek HM and El-Saadany, Ehab F and Salama, Magdy MA},
  journal={IEEE transactions on energy conversion},
  volume={23},
  number={1},
  pages={191--201},
  year={2008},
  publisher={IEEE}
}

@online{wiki-percentile,
    author = "{Wikipedia}",
    title = "Percentile",
    year = "2020",
    url = "https://en.wikipedia.org/w/index.php?title=Percentile&oldid=950251171"
}

@online{spw-energie,
  author = "SPW-Energie",
  title = "Situation Eolien Wallonie 2018",
  year = "2018",
  url = "https://energie.wallonie.be/fr/le-vent-pour-produire-de-l-electricite.html?IDC=6170&IDD=11276"
}

@online{wind-turbine-models,
  author = "Matysik, Silvio and Bauer, Lucas",
  title = "Wind turbine models",
  year = "2020",
  url = "https://www.wind-turbine-models.com"
}

@online{elia-wind,
  author = "Elia",
  title = "Production photovoltaïque",
  year = "2020",
  url = "https://www.elia.be/fr/donnees-de-reseau/production/production-photovoltaique"
}

@online{darksky,
  title = "Dark Sky API",
  year = "2020",
  url = "https://darksky.net/dev"
}

@article{nespoli2019day,
  title={Day-ahead photovoltaic forecasting: A comparison of the most effective techniques},
  author={Nespoli, Alfredo and Ogliari, Emanuele and Leva, Sonia and Massi Pavan, Alessandro and Mellit, Adel and Lughi, Vanni and Dolara, Alberto},
  journal={Energies},
  volume={12},
  number={9},
  pages={1621},
  year={2019},
  publisher={Multidisciplinary Digital Publishing Institute}
}

@inproceedings{bocquet2016assessment,
  title={Assessment of probabilistic PV production forecasts performance in an operational context},
  author={Bocquet, Alexis and Michiorri, Andrea and Bossavy, Arthur and Girard, Robin and Kariniotakis, Georges},
  year={2016}
}

@online{solarangles,
    title = "Computing solar angles",
    year = "2020",
    url = "https://www.itacanet.org/the-sun-as-a-source-of-energy/part-3-calculating-solar-angles/"
}

@article{maso2010opengis,
  title={OpenGIS web map tile service implementation standard},
  author={Mas{\'o}, Joan and Pomakis, Keith and Julia, Nuria},
  journal={Open Geospatial Consortium Inc},
  pages={04--06},
  year={2010}
}

@article{yu2018deepsolar,
  title={DeepSolar: A machine learning framework to efficiently construct a solar deployment database in the United States},
  author={Yu, Jiafan and Wang, Zhecheng and Majumdar, Arun and Rajagopal, Ram},
  journal={Joule},
  volume={2},
  number={12},
  pages={2605--2617},
  year={2018},
  publisher={Elsevier}
}

@inproceedings{szegedy2016rethinking,
  title={Rethinking the inception architecture for computer vision},
  author={Szegedy, Christian and Vanhoucke, Vincent and Ioffe, Sergey and Shlens, Jon and Wojna, Zbigniew},
  booktitle={Proceedings of the IEEE conference on computer vision and pattern recognition},
  pages={2818--2826},
  year={2016}
}

@article{bradbury2016distributed,
  title={Distributed solar photovoltaic array location and extent dataset for remote sensing object identification},
  author={Bradbury, Kyle and Saboo, Raghav and Johnson, Timothy L and Malof, Jordan M and Devarajan, Arjun and Zhang, Wuming and Collins, Leslie M and Newell, Richard G},
  journal={Scientific data},
  volume={3},
  number={1},
  pages={1--9},
  year={2016},
  publisher={Nature Publishing Group}
}

@inproceedings{malof2016deep,
  title={A deep convolutional neural network and a random forest classifier for solar photovoltaic array detection in aerial imagery},
  author={Malof, Jordan M and Collins, Leslie M and Bradbury, Kyle and Newell, Richard G},
  booktitle={2016 IEEE International Conference on Renewable Energy Research and Applications (ICRERA)},
  pages={650--654},
  year={2016},
  organization={IEEE}
}

@inproceedings{ronneberger2015u,
  title={U-net: Convolutional networks for biomedical image segmentation},
  author={Ronneberger, Olaf and Fischer, Philipp and Brox, Thomas},
  booktitle={International Conference on Medical image computing and computer-assisted intervention},
  pages={234--241},
  year={2015},
  organization={Springer}
}

@inproceedings{bischke2019multi,
  title={Multi-task learning for segmentation of building footprints with deep neural networks},
  author={Bischke, Benjamin and Helber, Patrick and Folz, Joachim and Borth, Damian and Dengel, Andreas},
  booktitle={2019 IEEE International Conference on Image Processing (ICIP)},
  pages={1480--1484},
  year={2019},
  organization={IEEE}
}

@article{badrinarayanan2017segnet,
  title={Segnet: A deep convolutional encoder-decoder architecture for image segmentation},
  author={Badrinarayanan, Vijay and Kendall, Alex and Cipolla, Roberto},
  journal={IEEE transactions on pattern analysis and machine intelligence},
  volume={39},
  number={12},
  pages={2481--2495},
  year={2017},
  publisher={IEEE}
}

@article{dutta2019vgg,
  title={The VGG image annotator (VIA)},
  author={Dutta, Abhishek and Zisserman, Andrew},
  journal={arXiv preprint arXiv:1904.10699},
  year={2019}
}