@online{figshare,
    author    = "Bradbury, Kyle",
    title     = "Distributed Solar Photovoltaic Array Location and Extent Data Set for Remote Sensing Object Identification",
    url       = "https://figshare.com/collections/Full_Collection_Distributed_Solar_Photovoltaic_Array_Location_and_Extent_Data_Set_for_Remote_Sensing_Object_Identification/3255643",
    year      = "2016"
}

@online{earthengine,
    author = "Google",
    title = "Google Earth Engine",
    url = "https://earthengine.google.com/",
    year = "2020"
}

@online{landsat,
    author = "Nasa",
    title = "Landsat",
    url = "https://landsat.gsfc.nasa.gov/"
}

@online{sentinel,
    author = "Esa",
    title = "Sentinel",
    url = "https://sentinel.esa.int/web/sentinel/home"
}

@online{opencv,
    title = "OpenCV",
    url = "https://opencv.org/"
}