@online{deepsolar,
    author = "Zhecheng Wang",
    title = "DeepSolar",
    url = "http://web.stanford.edu/group/deepsolar/"
}

@online{openweathermap,
    title = "OpenWeather",
    url = "https://openweathermap.org/"
}

@online{itaca,
    title = "Part 3: Calculating Solar Angles",
    url = "https://www.itacanet.org/the-sun-as-a-source-of-energy/part-3-calculating-solar-angles/"
}

@online{pvlib,
    title = "pvlib-python",
    url = "https://github.com/pvlib/pvlib-python"
}

@online{cwape,
    title = "CWaPE",
    url = "https://www.cwape.be/"
}

@online{elia_wind,
    title = "Données de production éolienne",
    url = "http://www.apere.org/fr/observatoire-eolien/"
}

@online{wind-turbine-models,
	author = "Silvio Matysik and Lucas Bauer",
	title = "Wind turbine models",
	url = "https://en.wind-turbine-models.com/"
}

@online{spwe-wind-turbines,
	title = "Situation Eolien Wallonie 2018",
	url = "https://energie.wallonie.be/fr/le-vent-pour-produire-de-l-electricite.html?IDC=6170&IDD=11276"
}


